<?xml version="1.0" encoding="UTF-8"?><collection xmlns="http://www.loc.gov/MARC21/slim"><record><leader>00370nam--2200121-i-4500</leader><controlfield tag="001">000022203</controlfield><controlfield tag="002">20161230</controlfield><controlfield tag="005">20161230201034</controlfield><controlfield tag="008">060222s1000------------r-----000-0-eng-d</controlfield><datafield ind1=" " ind2=" " tag="100"><subfield code="a">Ingle, M.J., Morrison, R.B</subfield></datafield><datafield ind1=" " ind2=" " tag="245"><subfield code="a">Design data for aeronautics and astronautics. a compilation of existing data</subfield></datafield><datafield ind1=" " ind2=" " tag="260"><subfield code="a">New York, John Wiley And Sons, Inc.,1962. 581p</subfield></datafield><datafield ind1=" " ind2=" " tag="852"><subfield code="a">18849</subfield></datafield></record></collection>